%YAML 1.1
%TAG !u! tag:unity3d.com,2011:
--- !u!1 &7765629189696193420
GameObject:
  m_ObjectHideFlags: 0
  m_CorrespondingSourceObject: {fileID: 0}
  m_PrefabInstance: {fileID: 0}
  m_PrefabAsset: {fileID: 0}
  serializedVersion: 6
  m_Component:
  - component: {fileID: 148774894069130768}
  - component: {fileID: 7441649817132848619}
  - component: {fileID: 2796825290127768391}
  - component: {fileID: 5491819933043468643}
  m_Layer: 8
  m_Name: EntranceGate
  m_TagString: Untagged
  m_Icon: {fileID: 0}
  m_NavMeshLayer: 0
  m_StaticEditorFlags: 0
  m_IsActive: 1
--- !u!4 &148774894069130768
Transform:
  m_ObjectHideFlags: 0
  m_CorrespondingSourceObject: {fileID: 0}
  m_PrefabInstance: {fileID: 0}
  m_PrefabAsset: {fileID: 0}
  m_GameObject: {fileID: 7765629189696193420}
  serializedVersion: 2
  m_LocalRotation: {x: 0, y: 0, z: 0, w: 1}
  m_LocalPosition: {x: 0, y: 0, z: 0}
  m_LocalScale: {x: 1, y: 1, z: 1}
  m_ConstrainProportionsScale: 0
  m_Children:
  - {fileID: 3026573715047640228}
  - {fileID: 6588536917594696554}
  m_Father: {fileID: 0}
  m_LocalEulerAnglesHint: {x: 0, y: 0, z: 0}
--- !u!95 &7441649817132848619
Animator:
  serializedVersion: 5
  m_ObjectHideFlags: 0
  m_CorrespondingSourceObject: {fileID: 0}
  m_PrefabInstance: {fileID: 0}
  m_PrefabAsset: {fileID: 0}
  m_GameObject: {fileID: 7765629189696193420}
  m_Enabled: 1
  m_Avatar: {fileID: 0}
  m_Controller: {fileID: 9100000, guid: aa7d2e8d67d8c1d44beb16bfb1941067, type: 2}
  m_CullingMode: 0
  m_UpdateMode: 0
  m_ApplyRootMotion: 0
  m_LinearVelocityBlending: 0
  m_StabilizeFeet: 0
  m_WarningMessage: 
  m_HasTransformHierarchy: 1
  m_AllowConstantClipSamplingOptimization: 1
  m_KeepAnimatorStateOnDisable: 0
  m_WriteDefaultValuesOnDisable: 0
--- !u!114 &2796825290127768391
MonoBehaviour:
  m_ObjectHideFlags: 0
  m_CorrespondingSourceObject: {fileID: 0}
  m_PrefabInstance: {fileID: 0}
  m_PrefabAsset: {fileID: 0}
  m_GameObject: {fileID: 7765629189696193420}
  m_Enabled: 1
  m_EditorHideFlags: 0
  m_Script: {fileID: 11500000, guid: 035876dc1010b6047bcffb456ecbd4c0, type: 3}
  m_Name: 
  m_EditorClassIdentifier: 
  animator: {fileID: 7441649817132848619}
  key: {fileID: 11400000, guid: b7967e26abbe566459bcc39f1069dffa, type: 2}
  interactionCollider: {fileID: 5491819933043468643}
--- !u!65 &5491819933043468643
BoxCollider:
  m_ObjectHideFlags: 0
  m_CorrespondingSourceObject: {fileID: 0}
  m_PrefabInstance: {fileID: 0}
  m_PrefabAsset: {fileID: 0}
  m_GameObject: {fileID: 7765629189696193420}
  m_Material: {fileID: 0}
  m_IncludeLayers:
    serializedVersion: 2
    m_Bits: 0
  m_ExcludeLayers:
    serializedVersion: 2
    m_Bits: 0
  m_LayerOverridePriority: 0
  m_IsTrigger: 1
  m_ProvidesContacts: 0
  m_Enabled: 1
  serializedVersion: 3
  m_Size: {x: 4, y: 2.5, z: 0.1}
  m_Center: {x: 0, y: 0, z: 0}
--- !u!1001 &3026573715047822464
PrefabInstance:
  m_ObjectHideFlags: 0
  serializedVersion: 2
  m_Modification:
    serializedVersion: 3
    m_TransformParent: {fileID: 148774894069130768}
    m_Modifications:
    - target: {fileID: 106020, guid: fc7f227fc737f9d4487c091719196227, type: 3}
      propertyPath: m_Name
      value: Fence_Gate_3_L
      objectReference: {fileID: 0}
    - target: {fileID: 106020, guid: fc7f227fc737f9d4487c091719196227, type: 3}
      propertyPath: m_Layer
      value: 8
      objectReference: {fileID: 0}
    - target: {fileID: 481316, guid: fc7f227fc737f9d4487c091719196227, type: 3}
      propertyPath: m_RootOrder
      value: -1
      objectReference: {fileID: 0}
    - target: {fileID: 481316, guid: fc7f227fc737f9d4487c091719196227, type: 3}
      propertyPath: m_LocalPosition.x
      value: 2.242
      objectReference: {fileID: 0}
    - target: {fileID: 481316, guid: fc7f227fc737f9d4487c091719196227, type: 3}
      propertyPath: m_LocalPosition.y
      value: 0
      objectReference: {fileID: 0}
    - target: {fileID: 481316, guid: fc7f227fc737f9d4487c091719196227, type: 3}
      propertyPath: m_LocalPosition.z
      value: 0
      objectReference: {fileID: 0}
    - target: {fileID: 481316, guid: fc7f227fc737f9d4487c091719196227, type: 3}
      propertyPath: m_LocalRotation.w
      value: 1
      objectReference: {fileID: 0}
    - target: {fileID: 481316, guid: fc7f227fc737f9d4487c091719196227, type: 3}
      propertyPath: m_LocalRotation.x
      value: 0
      objectReference: {fileID: 0}
    - target: {fileID: 481316, guid: fc7f227fc737f9d4487c091719196227, type: 3}
      propertyPath: m_LocalRotation.y
      value: 0
      objectReference: {fileID: 0}
    - target: {fileID: 481316, guid: fc7f227fc737f9d4487c091719196227, type: 3}
      propertyPath: m_LocalRotation.z
      value: 0
      objectReference: {fileID: 0}
    - target: {fileID: 481316, guid: fc7f227fc737f9d4487c091719196227, type: 3}
      propertyPath: m_LocalEulerAnglesHint.x
      value: 0
      objectReference: {fileID: 0}
    - target: {fileID: 481316, guid: fc7f227fc737f9d4487c091719196227, type: 3}
      propertyPath: m_LocalEulerAnglesHint.y
      value: 0
      objectReference: {fileID: 0}
    - target: {fileID: 481316, guid: fc7f227fc737f9d4487c091719196227, type: 3}
      propertyPath: m_LocalEulerAnglesHint.z
      value: 0
      objectReference: {fileID: 0}
    m_RemovedComponents: []
    m_RemovedGameObjects: []
    m_AddedGameObjects: []
    m_AddedComponents: []
  m_SourcePrefab: {fileID: 100100000, guid: fc7f227fc737f9d4487c091719196227, type: 3}
--- !u!4 &3026573715047640228 stripped
Transform:
  m_CorrespondingSourceObject: {fileID: 481316, guid: fc7f227fc737f9d4487c091719196227,
    type: 3}
  m_PrefabInstance: {fileID: 3026573715047822464}
  m_PrefabAsset: {fileID: 0}
--- !u!1001 &6588536917594329456
PrefabInstance:
  m_ObjectHideFlags: 0
  serializedVersion: 2
  m_Modification:
    serializedVersion: 3
    m_TransformParent: {fileID: 148774894069130768}
    m_Modifications:
    - target: {fileID: 103100, guid: 598eef1982664a44ebc5ffd5dc55b82f, type: 3}
      propertyPath: m_Name
      value: Fence_Gate_3_R
      objectReference: {fileID: 0}
    - target: {fileID: 103100, guid: 598eef1982664a44ebc5ffd5dc55b82f, type: 3}
      propertyPath: m_Layer
      value: 8
      objectReference: {fileID: 0}
    - target: {fileID: 440858, guid: 598eef1982664a44ebc5ffd5dc55b82f, type: 3}
      propertyPath: m_RootOrder
      value: -1
      objectReference: {fileID: 0}
    - target: {fileID: 440858, guid: 598eef1982664a44ebc5ffd5dc55b82f, type: 3}
      propertyPath: m_LocalPosition.x
      value: -2.1880002
      objectReference: {fileID: 0}
    - target: {fileID: 440858, guid: 598eef1982664a44ebc5ffd5dc55b82f, type: 3}
      propertyPath: m_LocalPosition.y
      value: 0
      objectReference: {fileID: 0}
    - target: {fileID: 440858, guid: 598eef1982664a44ebc5ffd5dc55b82f, type: 3}
      propertyPath: m_LocalPosition.z
      value: 0
      objectReference: {fileID: 0}
    - target: {fileID: 440858, guid: 598eef1982664a44ebc5ffd5dc55b82f, type: 3}
      propertyPath: m_LocalRotation.w
      value: 1
      objectReference: {fileID: 0}
    - target: {fileID: 440858, guid: 598eef1982664a44ebc5ffd5dc55b82f, type: 3}
      propertyPath: m_LocalRotation.x
      value: 0
      objectReference: {fileID: 0}
    - target: {fileID: 440858, guid: 598eef1982664a44ebc5ffd5dc55b82f, type: 3}
      propertyPath: m_LocalRotation.y
      value: 0
      objectReference: {fileID: 0}
    - target: {fileID: 440858, guid: 598eef1982664a44ebc5ffd5dc55b82f, type: 3}
      propertyPath: m_LocalRotation.z
      value: 0
      objectReference: {fileID: 0}
    - target: {fileID: 440858, guid: 598eef1982664a44ebc5ffd5dc55b82f, type: 3}
      propertyPath: m_LocalEulerAnglesHint.x
      value: 0
      objectReference: {fileID: 0}
    - target: {fileID: 440858, guid: 598eef1982664a44ebc5ffd5dc55b82f, type: 3}
      propertyPath: m_LocalEulerAnglesHint.y
      value: 0
      objectReference: {fileID: 0}
    - target: {fileID: 440858, guid: 598eef1982664a44ebc5ffd5dc55b82f, type: 3}
      propertyPath: m_LocalEulerAnglesHint.z
      value: 0
      objectReference: {fileID: 0}
    m_RemovedComponents: []
    m_RemovedGameObjects: []
    m_AddedGameObjects: []
    m_AddedComponents: []
  m_SourcePrefab: {fileID: 100100000, guid: 598eef1982664a44ebc5ffd5dc55b82f, type: 3}
--- !u!4 &6588536917594696554 stripped
Transform:
  m_CorrespondingSourceObject: {fileID: 440858, guid: 598eef1982664a44ebc5ffd5dc55b82f,
    type: 3}
  m_PrefabInstance: {fileID: 6588536917594329456}
  m_PrefabAsset: {fileID: 0}
